@article{bbcPhone,
    author = {{BBC News}},
    title = {Fraud prompts UK phone firms to tweak networks},
    month = {March},
    year = {2014},
    url = {www.bbc.co.uk/news/technology-26559554},
    urldate = {2018-02-16},
    note = {[Retrieved 2018-02-16 from \url{www.bbc.co.uk/news/technology-26559554}]}
}

@article{bbcSmishing,
    author = {Marie Keyworth},
    title = {Vishing and smishing: The rise of social engineering fraud},
    month = {January},
    year = {2016},
    url = {www.bbc.co.uk/news/business-35201188},
    urlDate = {2018-02-06},
    note = {[Retrieved 2018-02-06 from \url{www.bbc.co.uk/news/business-35201188}]}
}

@inproceedings{conArtists,
  title={Are the con artists back? a preliminary analysis of modern phone frauds},
  author={Maggi, Federico},
  booktitle={Computer and Information Technology (CIT), 2010 IEEE 10th International Conference on},
  pages={824--831},
  year={2010},
  organization={IEEE}
}

@misc{dataProtectionAct,
  title={Data protection act of 1998},
  author={Parliament, British},
  year={1998}
}

@article{generalDataProtectionRegulation,
  title={Regulation (EU) 2016/679 of the European Parliament and of the Council of 27 April 2016 on the protection of natural persons with regard to the processing of personal data and on the free movement of such data, and repealing Directive 95/46},
  author={Regulation, General Data Protection},
  journal={Official Journal of the European Union (OJ)},
  volume={59},
  pages={1--88},
  year={2016}
}

@article{mwrFuzzing,
    title={15 minute guide to fuzzing},
    month={August},
    year={2018},
    author={Matt Hillman},
    note={[Retrieved 2018-03-19 from \url{https://www.mwrinfosecurity.com/our-thinking/15-minute-guide-to-fuzzing/}]}
}

@inproceedings{microsoftCardGame,
  title={Elevation of Privilege: Drawing Developers into Threat Modeling.},
  author={Shostack, Adam},
  booktitle={3GSE},
  year={2014}
}

@article{owaspTop10,
  title={Owasp top-10 2017},
  author={{Open Web Application Security Project}},
  journal={OWASP Foundation, February},
  year={2017}
}

@techreport{rfc6238,
  title={Totp: Time-based one-time password algorithm},
  author={M'Raihi, David and Machani, Salah and Pei, Mingliang and Rydell, Johan},
  year={2011},
  type={RFC},
  number={6238},
  month={May}
}

@article{blockchain,
  title={A survey on security and privacy issues of bitcoin},
  author={Conti, Mauro and Lal, Chhagan and Ruj, Sushmita and others},
  journal={arXiv preprint arXiv:1706.00916},
  year={2017}
}